@book{jantzen2005algebra,
  title={Algebra},
  author={Jantzen, J.C. and Schwermer, J.},
  isbn={9783540213802},
  series={Springer-Lehrbuch},
  url={http://books.google.at/books?id=Fx\_1SXB78zkC},
  year={2005},
  publisher={Springer}
}

@book{lang2002algebra,
  title={Algebra},
  author={Lang, S.},
  isbn={9780387953854},
  lccn={01054916},
  series={Graduate Texts in Mathematics Series},
  url={http://books.google.at/books?id=Fge-BwqhqIYC},
  year={2002},
  publisher={Springer London, Limited}
}

@book{beachy1999introductory,
  title={Introductory Lectures on Rings and Modules},
  author={Beachy, J.A.},
  isbn={9780521644075},
  lccn={98054417},
  series={London Mathematical Society Student Texts},
  url={http://books.google.at/books?id=rnNzivBfgOoC},
  year={1999},
  publisher={Cambridge University Press}
}