%% This BibTeX bibliography file was created using BibDesk.
%% http://bibdesk.sourceforge.net/


%% Created for Tim Benedikt Herbstrith at 2014-05-16 14:45:09 +0200 


%% Saved with string encoding Unicode (UTF-8) 



@inbook{newman2004still,
	Author = {Newman, M.F.},
	Booktitle = {The Collected Papers of William Burnside},
	Date-Added = {2014-05-13 09:31:45 +0000},
	Date-Modified = {2014-05-13 09:42:44 +0000},
	Editor = {Neumann, P.M. and Mann, A.J. and Tompson, J.C.},
	Publisher = {Oxford University Press on Demand},
	Title = {A Still Unsetteled Question},
	Volume = {I},
	Year = {2004}}

@article{burnside1902,
	Author = {Burnside, W.},
	Date-Added = {2014-04-12 16:43:42 +0000},
	Date-Modified = {2014-05-13 09:22:47 +0000},
	Journal = {Quarterly Journal of Pure and Applied Math},
	Title = {On an unsettled question in the theory of discontinuous groups},
	Volume = {33},
	Year = {1902}}

@book{suzuki1982group,
	Author = {Suzuki, M.},
	Date-Added = {2014-04-12 15:45:47 +0000},
	Date-Modified = {2014-05-13 09:45:42 +0000},
	Publisher = {Springer-Verlag},
	Series = {Grundlehren der mathematischen Wissenschaften},
	Title = {Group theory:},
	Year = {1982}}

@book{de2000topics,
	Author = {de la Harpe, P.},
	Date-Modified = {2014-05-13 09:46:06 +0000},
	Publisher = {University of Chicago Press},
	Series = {Chicago Lectures in Mathematics},
	Title = {Topics in Geometric Group Theory},
	Year = {2000}}

@book{chartrand2004graphs,
	Author = {Chartrand, G. and Lesniak, L. and Zhang, P.},
	Date-Modified = {2014-05-13 09:21:37 +0000},
	Publisher = {Taylor \& Francis},
	Title = {Graphs \& Digraphs, Fourth Edition},
	Year = {2004}}

@booklet{hudec2006burnside,
	Author = {Hudec, D.},
	Date-Modified = {2014-05-16 12:44:03 +0000},
	Howpublished = {University of Chicago REU},
	Title = {On the Burnside Problem},
	Year = {2006}}

@booklet{waddle2008grigorchuk,
	Author = {Waddle, K.},
	Date-Modified = {2014-05-16 12:43:43 +0000},
	Howpublished = {University of Chicago REU},
	Title = {The Grigorchuk Group},
	Year = {2008}}

@article{ivanov1992burnside,
	Author = {Ivanov, S.},
	Date-Modified = {2014-05-13 09:23:21 +0000},
	Journaltitle = {Bulletin of the American Mathematical Society},
	Optmonth = {October},
	Optnumber = {2},
	Optpages = {257--260},
	Optvolume = {27},
	Title = {On the Burnside Problem on Periodic Groups},
	Year = {1992}}

@article{2006math,
	Adsnote = {Provided by the SAO/NASA Astrophysics Data System},
	Adsurl = {http://adsabs.harvard.edu/abs/2006math......3032B},
	Author = {{Bartholdi}, L. and {\v{S}uni\'{c}}, Z.},
	Date-Modified = {2014-05-13 09:23:48 +0000},
	Eprint = {math/0603032},
	Journal = {ArXiv Mathematics e-prints},
	Keywords = {Mathematics - Group Theory, 20E08, 68Q70, 20F05},
	Month = 3,
	Title = {{Some solvable automaton groups}},
	Year = 2006}
